=LDR  13759cam a2200997 i 4500
=001  437634
=005  20130802114906.0
=008  940216s1751\\\\ie\a\\\\\\\\\\000\1\eng\d
=035  \\$a(CStRLIN)PAUGEAX6921-B
=035  \\$a(CStRLIN)PAUGEAX6921-B
=035  \\$9EAX6921
=035  \\$a1801395
=035  \\$a(END)pr_3369_c7_h5_1751b
=035  \\$a(MediadbVoyBIBID)347634
=040  \\$aPU$cPU
=041  \\$aeng$xThe history of Pompey
=041  \\$aeng$hfre$xLetters written by a Peruvian Princess
=090  \\$fh$n\\\\jl\\\\
=100  1\$aCoventry, Francis$dd. 1759.
=245  14$aThe history of Pompey the Little, or, The life and adventures of a lap-dog.
=246  \\$aThe history of Pompey the Little.  Or, the life and adventures of a lap-dog.$dLetter-press$gFull$xWork
=246  07$aThe history of Pompey the Little.
=246  07$aThe history of (verso)$aPompey the Little. (recto)
=246  \\$aLetters written by a Peruvian Princess. Translated from the French.$dLetter-press$gFull$xWork
=246  \\$aSequel of the Letters written by a Peruvian Princess.$dLetter-press$gFull$xWork
=246  \\$aThe Letters of a Layman to the Son at Sea, Giving his advice from Observation, Experience, and Reason. Which may be useful to the Youth of Family, lower People and others.$dLetter-press$gFull$xWork
=246  \\$aThe Letters of a Layman to the Son at Sea, Giving his advice from Observation, Experience, and Reason. Which may be useful to the Youth of Family, lower People and others. To which is Added, An Address to higher People, proposing Improving at this, and every Time, necessary to be known by all.$dLetter-press$gFull$xWork
=260  \\$aDublin$bPrinted by George Faulkner; in Essex-street.$c1751.$cMDCCLI$xThe History of Pompey$a[Dublin]
=260  \\$aDublin$bPrinted by S. Powell, For Thomas Moore at Erasmus\\\'s-Head in Dame-street, Bookseller.$cM DCC XL VIII$c1748$xLetters written by a Peruvian Princess
=260  \\$aDublin$bPrinted by Richard James, at Newton\\\'s Head in Dame-Street$cMDCCXLIX$c1749$xSequel of the Letters written by a Peruvian Princess.
=260  \\$aDublin$bPrinted for W. Smith at the Hercules in Dame-Street$cMDCCLIV$c1754$xThe Letters of a Layman to the Son at Sea, Giving his advice from Observation, Experience, and Reason. Which may be useful to the Youth of Family, lower People and others.
=260  \\$aDublih$bPrinted for W. Smith at the Hercules in Dame-Street.$cMDCCLIV$c1754$xThe Letters of a Layman to the Son at Sea, Giving his advice from Observation, Experience, and Reason. Which may be useful to the Youth of Family, lower People and others. To which is Added, An Address to higher People, proposing Improving at this, and every Time, necessary to be known by all.
=300  \\$avii, 176 p., [1] leaf of plates :$bill. ;$c18 cm.$a[1 v.]
=300  \\$a[i]-[ii], iii-[iv], [1]-176$bIll. (frontispiece)$c18 cm.$xDuodecimo
=500  \\$aBound with "Letters written by a Peruvian Princess.  Translated from the French."
=500  \\$aBookplate - "Nec volenti -- nec volanti --- Wm Westby Esq."
=500  \\$aThe frontispiece features a dog sitting on a cushion, peering out at the viewer from inside of a sculptural frame that reads, at its base, "Pompey the Little."
=500  \\$aLetters written by a Peruvian Princess comprises 37 letters.
=500  \\$aSequel of the Letters written by a Peruvian Princess comprises 7 letters.
=510  4\$aESTC (RLIN)$cT120586
=510  4\$aRaven, J.  British fiction, 1750-1770,$c78
=510  4\$aHalkett & Laing (2nd ed.)$cv.3, p.74.
=520  \\$aTable of contents$bContents.$cFront$xThe table of contents divides the text into Book I (containing chapters I-XIV) and Book II (chapters I-XVIII).  Each chapter listing is accompanied by a brief description and a page number.$xHistory of Pompey
=520  \\$aTable of contents$bContents$cBack$xThe table of contents lists all of Zilia\\\'s letters and includes brief descriptions of each such as the addressee and general intent.$xLetters written by a Peruvian Princess
=520  \\$aAdvertisement$bAdvertisement of the French Editor$cMiddle$xBegins: "If truth, when it strays from probability, usually loses its credit in the eye of reason, it is for a short time only; but, let it contradict prejudice ever so little, and seldom shall it find grace before that tribunal. What then ought not the editor of this work to fear, in presenting to the public the letters of a young Peruvian, whose stile and thoughts so little agree with the mean idea which an unjust prejudice has caused us to form of her nation? Enriched by the precious spoils of Peru, we ought, at least, to regard the inhabitants of that part of the world as a magnificent people; and the sentiment of respect is not very remote from the idea of magnificence. But so prejudiced are we always in our own favour, that we rate the merit of other nations not only in proportion as their manners imitate ours, but in proportion as their tongues approach nearer to our Idiom. How can one be a Persian? We despite the Indians, and hardly grant a thinking soul to those unhappy people: yet their history is in every one\\\'s hands, and abounds with monuments of the sagacity of their minds, and the solidity of their philosophy. The apologist of humanity and of beautiful nature has traced the out-lines of the Indian manners in a dramatic poem, the subject of which divides the glory with the execution.With so much light given us into the characters of these people, there should seem no room to fear that original letters which only exhibit what we already know of the lively and natural wit of the Indians, are in danger of passing for a fiction. But, that prejudice any eyes? There is no fecundity against its judgement, and we should have been careful not to submit this work to it, if its empire has been without bounds. It seems needless to give notice, that the first letters of Zilia were translated by herself: every one must easily judge, that, being composed in a language, and traced in a manner equally unknown to us, this collection could never have reached us, if the same hand had not writ them in our tongue. We owe this translation to Zilia\\\'s leisure in her retreat: her complaisance in communicating them to the chevalier Deterville, and the permission he at last obtained to keep them, were the means that conveyed them into our hands."
=520  \\$aFootnote$bFootnote$cMiddle$xIn reference to the question "How can one be a Persian?"$xReads: "The translator apprehends this sentence to be a satirical repetition after some other French author. There were a few strokes marked in the same manner in one or two of the letters, which he did not take notice of, as he supposed they would be inintellible to the Engglish reader.
=520  \\$aFootnote$bFootnote$cMiddle$xThe translator explains his or her opinion on the French editor\\\'s use of the term "Oriental" in the "Advertisement of the French editor." It reads, "The French editor here uses Oriental for lofty and swelling, though the Peruvians, with respect to us, are certainly an Occidental people."$xLetters written by a Peruvian Princess$xAdvertisement of the French Editor
=520  \\$aAdvertisement$bThe Editor\\\'s Advertisement.$cMiddle$xReads: "When I gave the first Part of the Peruvian Letters to the Publick, I did not dare to flatter myself that they would meet with so favourable an Acceptance as they have been honoured with. The Defects of Stile, the ingenuous simplicity, and the tender Sentiments which animated Zilia, and alone dictated all that she wrote the first Year of her Misfortunes; all appeared to me of a Character too opposite to the Prejudices of our Nation, for me to think it would amuse the French. Reasons so plausible would have diverted me from this Enterprize, if I had entertained the same Fears with Regard to the Sequel which I now publish, but which was of Necessity preceded by that, which appeared to found the Taste of the Publick. The Reader, however, will see with a single Glance, how much Preference is due to this Sequel. In the first Part of these Letters Zilia had not yet changed any thing but her Dress; But he will find in this a greater Progress than he could have expected from an Indian Capacity. The Princess Royal of Cusco looks no longer for the Peruvian Virgin behind the Glass, and her Reason\\\'s too much enlightened to refuse her Arm to a Physician. Her stile is corrected with as much Care as she was capable of bestowing on it, and her civilized Pen knows how to throw a Lustre upon whatever her Imagination furnishes. This is the Author\\\'s own Opinion, in a Letter which he wrote, and in which he discovers a tender Predelection for this Sequel."$xSequel of the Letters written by a Peruvian Princess
=590  \\$aWith: Grafigny, Mme de (Françoise d\\\'Issembourg d\\\'Happoncourt). Letters written by a Peruvian princess. Dublin : Printed by S. Powell for Thomas Moore, 1748. -- Grafigny, Mme de (Françoise d\\\'Issembourg d\\\'Happoncourt). Sequel of the letters written by a Peruvian princess. Dublin : Printed by Richard James, 1749. -- Letter of a layman to his son at sea. Dublin : Printed for W. Smith, 1754.
=591  \\$a---gressumque canes comitantur herilem.$1Aen.$2Vir.$bAeneid, Lib. VIII.$cVirgil
=591  \\$a---mutato nomine de te --- fabula narratur.$2Hor.$bSatires$cHorace$dWith a change of names, the fable is told about you.
=591  \\$aAgricolam laudat juris legumque peritus, -- Sub Galli cantum contultor ubi oftia pulfat$2Horace$bSatires$cHorace$xAppears on page 69.
=591  \\$aHei mihi! fi fueris tu Leo, qualis eris?$1Martial$xAppears on page 68.
=591  \\$aQuicquid agunt homines, votum, timor, ira, volaptas -- Gaudia, discursus$bSatirarum libri quinque: Accedit Sulpiciae Satira$xAppears on page 83.
=591  \\$aKing of the Garden, blooming Rose! -- Which sprang\\\'st from Venus\\\' heavenly Woes, -- When weeping for Adonis slain, -- Her pearly Tears bedew\\\'d the Plain, -- Now let thy dewy Leaves bewail -- A greater Beauty\\\'s greater Ill; -- Ye Lillies! hang your drooping Head, -- Ye Myrtles! weep for Pompey dead; -- Light lie the Turf upon his Breast, -- Peace to his Shade, and gentle Rest.$bWebb\\\'s Epitaphs$xAppears on page 172.
=592  \\$bThird-person$bFirst-person$bEpistolary$xLetters appear on pages 34, 35, 151, and 167-8.$xQuotations in Latin are found offset from the text on pages 43, 68 (Martial), 69 (Horace), and 83.  English verse appears on pages 76 (a passage from King Lear) and 173-4.$xAn advertisement for a lost dog appears on pages 45-6.
=595  \\$aInk$bWords$xOn page 24, where the text introduces Lady Tempest, someone has written "Lady Townsend" into the lefthand margin.
=596  \\$aTranslation$bTitle page$cFrench$eTranslated from the French.
=599  \\$aAuthor (text)$bGeneric/Descriptive$2"[...] men of gravity may be apt to censure me for mispending my time in writing the adventures of a lap-dog [...]"$3Book I, Chapter I$5Indeterminate$6Unknown
=599  \\$aTranslator (text)$bGeneric/Descriptive$2The translator apprehends this sentence to be a satirical repetition after some other French author.$3Advertisement$5Male$6Unknown$xLetters written by a Peruvian Princess$xAdvertisement of the French editor.
=599  \\$aTranslator (text)$bGeneric/Descriptive$2The translator begs leave just to add, that, as he went through his talk with peculiar pleasure, he hopes he has done justice to a work which he looks upon to have great beauty in the original. The Peruvian character, as far as we know it from history, joined to that of good sense, obstinate virtue, tender sentiments, and unchangeable affections, cannot be more strongly and naturally painted than in the letters of Zilia; nor do we often see the progress of the human mind so correctly and expressively drawn as in these letters.$3Advertisement$5Male$6Unknown$xLetters written by a Peruvian Princess$xAdvertisement of the French editor.
=650  \4$aCHR 1751
=650  \4$aPRO Westby, William (bookplate)
=656  \\$aMixed genre$bBack$cSame bookseller$x"Books printed for and sold by Tho. Moore, at Erasmus\\\'s-Head, in Dame-Street."
=656  \\$aMixed genre$bBack$cSame bookseller$x"Books lately published by Richard James, Printer and Bookseller, at Newton\\\'s-Head, in Dame-Street, opposite Sycamore-Alley.
=700  \\$aVirgil$4Author (epigraph)$5Authorized
=700  \\$aHorace$4Author (epigraph)$5Authorized
=700  \\$aCoventry, Francis$d1725?-1759$4Author (text)$5Authorized
=700  \\$aFaulkner, George$d1699?-1775$4Printed by$5Authorized
=700  \\$aThomas Moore$bBookseller$5Unauthorized
=710  \\$aFaulkner, G.$4Printed by$5Authorized
=710  \\$aMoore, T.$bBookseller$5Unauthorized
=740  01$aHistory of Pompey the Little.
=740  01$aLife and adventures of a lap dog.
=710  2\$aCollection of British and American Fiction, 1660-1830 (University of Pennsylvania)
=710  2\$aEarly Novels$5University of Pennsylvania
=950  \\$lRBC$aPR3369.C7$bH5 1751b$i01/01/01 N$x010
=955  \\$lRBC$c1$s725377$srecl. fr. EC7/C8383/751hb & 823/C837Pb
=998  \\$nPU$zBNA
=948  \\$ajl
=989  \\$2History$5Pompey$3Little$2Life$2Adventure$2Lap-dog$3Lap$2Dog
=989  \\$2Letter$3written$8by$3Peruvian$2Princess$3Translated$8from$2French
=989  \\$2Letter$2Layman$2Son$8at$2Sea$3Giving$2advice$2Observation$2Experience$2Reason$8Which$3useful$2Youth$2Family$3lower$2People$2others
=989  \\$3Added$2Address$3higher$2People$3proposing$3Improving$3every$2Time$3necessary$3known$2all
=989  \\$2Sequel$2Letter$3written$3Peruvian$2Princess
=999  \\$aJRH$b8/1/13$cSwarthmore College

