=LDR  03635cam a2200493 i 4500
=001  436624
=005  20130731124536.0
=008  940621s1759\\\\enk\\\\\\\\\\\000\1\eng\d
=035  \\$a(CStRLIN)PAUGEBA2019-B
=035  \\$9EBA2019
=035  \\$a1826182
=035  \\$a(END)pr_3291_a6_l326_1759
=035  \\$a(MediadbVoyBIBID)436624
=040  \\$aPU$cPU
=100  1\$aLady
=245  00$aJemima and Louisa :$bin which is contain\\\'d several remarkable incidents relating to two ladies of distinguish\\\'d families and fortunes : in a series of letters /$cby a lady.
=246  \\$aJemima and Louisa.  In which is contain\\\'d, several remarkable incidents relating to two ladies of distinguish\\\'d families and fortunes.  In a series of letters.  By a lady.$dLetter-press$gFull$xWork
=246  07$aJemima and Louisa.
=246  07$aJemima and Louisa. (verso)$aJemima and Louisa. (recto)
=260  \\$aLondon$bPrinted for the author, and sold by Owen, at Homer\\\'s-Head, near Temple-Bar.$cMDCCLIX.$c1759.$a[London]
=300  \\$a[8], 239 [i.e.240] p. ;$c18 cm.$xDuodecimo$a[1 v.]
=300  \\$a[i-ii], [iii-iv], [v-viii], [1]-238, 238-239
=500  \\$aP. 240 incorrectly numbered 239.
=500  \\$aPage 84 is incorrectly numbered 74.
=510  4\$aESTC (RLIN)$cN55112
=510  4\$aRaven, J.  British fiction, 1750-1770,$c470
=520  \\$aIntroduction$bIntroduction.$cFront$xFirst line reads: "It being customary for every scribbler, when they transmit their works to the public, to give some account of the subject they treat of, and the motives that induced them to such an undertaking, (by way of preface) I therefore beg leave to acquaint the perusers of the following sheets, that they are the production of a female pen [...]"$xGoes on to describe the content of the book, which "have indeed nothing to recommend them to the readers attention, (except being founded on facts) [...]".
=520  \\$aTable of contents$bThe contents.$cFront$xContains headings for each of 99 letters, along with page numbers.
=520  \\$aConclusion$bConclusion.$cBack$xConclusion follows up on life of characters after the novel\\\'s letters end.
=591  \\$aA woman write!  The town cries one and all, --- no wonder Bedlam\\\'s lately found too small. --- Have not we head and hands, and pens and ink? --- And what should ail us then but we can think?$1Epilogue to Bayes in Petticoats$2Clive
=592  \\$aEpistolary$bThird-person$xThe novel is epistolary; the conclusion is written in third-person.
=595  \\$aSarah Ward[en] [C]uckfield$bInk$xLocated on the page facing the title page.
=595  \\$aInk$bWords$xA list of errata has been written on the back pastedown: "Errata.  Letter 51. page 124. line 26 read kick\\\'d him. --- Letter 82. page 205. for Emily read [Franny].
=599  \\$aAuthor (text)$bGeneric/Descriptive$2[...] I therefore beg leave to acquaint the perusers of the following sheets, that they are the production of a female pen [...]$3Introduction$5Female
=599  \\$aAuthor (text)$bGeneric/Descriptive$2By a lady.$3Title page$5Female
=650  \4$aCHR 1759
=700  \\$aClive$cMrs.$q(Catherine)$d1711-1785$4Author (epigraph)$5Authorized
=700  \\$aOwen$4Sold by$5Unauthorized
=710  \\$aOwen$4Sold by$5Unauthorized
=710  2\$aCollection of British and American Fiction, 1660-1830 (University of Pennsylvania)$5PU
=710  2\$aEarly Novels$5University of Pennsylvania
=948  \\$ajl
=989  \\$5Jemima$5Louisa$6Contain$3Several$3Remarkable$2Incident$3Relating$3Two$2Lady$3Distinguished$2Family$2Fortune$2Series$7Letter
=999  \\$aJRH$b7/30/13$cSwarthmore College$dANS

