=LDR  02413cam a2200529 a 4500
=001  340844
=005  20130328161646.0
=008  860206s1772\\\\enk\\\\\\\\\\\00000\eng\d
=035  \\$a(PUVoyagerBIBID)201608
=035  \\$a(CStRLIN)PAUG86-B4811
=035  \\$a(MediadbVoyBIBID)340844
=035  \\$a(CaOTULAS)121282417
=035  \\$9ABC6735
=035  \\$a(END)sm_pr3291_a1_a24_1772
=040  \\$aPU$cPU
=090  \\$aPR3291.A1$bA24 1772$i02/10/86 CTZ
=245  04$aThe Advantages of deliberation, or The folly of indiscretion :$bin two volumes.
=246  \\$aThe advantages of deliberation; or, the folly of indiscretion. In two volumes. Vol. I.$dLetter-press$gFull$xVolume$vv.1
=246  \\$aThe advantages of deliberation; or, the folly of indiscretion. In two volumes. Vol. II.$dLetter-press$gFull$xVolume$vv.2
=246  \\$aThe advantages of deliberation.$dLetter-press$gHalf$xWork$vv.1$vv.2
=260  \\$aLondon$bPrinted for Robinson and Roberts, no. 25, Paternoster-Row.$cMDCCLXXII$vv.1$vv.2$a[London]
=300  \\$a2 v. ;$c18 cm. (12mo)$xDuodecimo$zIn two volumes.$a[2 v.]
=500  \\$aA novel.
=510  4\$aESTC (RLIN)$cN2708
=510  4\$aBlack, F.G.  Epistolary novel$cp. 113
=510  4\$aEnglish novel, 1770-1829,$c1772: 1
=590  \\$aBound in one vol.
=591  \\$aThe life of a libertine cannot be known without abhorrence, nor shared without danger of ruin.$1The Adventurer.
=592  \\$aEpistolary
=595  \\$aPencil$bWords$xWhat a charming man. What happiness.$vv.2
=656  \7$aEpistolary novels$zEngland$y18th century.$2rbgenr
=650  \4$aCHR 1772
=700  \\$aRobinson, Gregory$4Publisher$5Authorized
=700  \\$aRoberts, J.$4Publisher$5Authorized
=710  \\$aRobinson and Roberts$4Publisher$5Authorized
=710  \\$aG. Robinson and J. Roberts$4Publisher$5Authorized
=710  2\$aCollection of British and American Fiction, 1660-1830 (University of Pennsylvania)
=710  2\$aEarly Novels$5University of Pennsylvania
=740  0\$aFolly of indiscretion.
=752  \\$aEngland$dLondon.
=852  01$bscsing$t1$hPR3291.A1$iA24 1772
=866  30$80$a2 v.
=866  30$80$a(v.1-2); id=9999
=950  \\$lRBC$e\\\\\\\\Singer-\\\\Menden-\\\\hall\\\\$v2 v.$i02/10/86 C
=955  \\$lRBC$c1:(v.1-2)$q725479$sGodfrey F. Singer Mem.$sin 1$i02/10/86 C
=989  \\$2Advantage$2Deliberation$2Folly$2Indiscretion$2Volume$2Vol
=999  \\$aAFD$b6/2/2011

