=LDR  02548cam a2200457 i 4500
=001  341477
=005  20130301151315.0
=008  940323s1772\\\\enk\\\\\\\\\\\000\1\eng\d
=035  \\$a(PUVoyagerBIBID)1808263
=035  \\$a(CStRLIN)PAUGEAY3873-B
=035  \\$9EAY3873
=035  \\$a(MediadbVoyBIBID)341477
=035  \\$a(END)sm_pr3991_a1_i68_1772_v1
=035  \\$a(END)sm_pr3991_a1_i68_1772_v2
=040  \\$aPU$cPU
=245  04$aThe Irishman, or, The favourite of fortune :$ba satirical novel founded upon facts.
=246  \\$aThe Irishman; or, the favourite of fortune: a satirical novel founded upon facts. In two volumes. Vol. 1$dLetter-press$xVolume$gFull$vv.1
=246  \\$aThe Irishman; or, the favourite of fortune: a satirical novel founded upon facts. In two volumes. Vol. 2$dLetter-press$xVolume$gFull$vv.2
=246  07$aThe favourite of fortune.$vv.1$vv.2
=260  \\$aLondon$bPrinted for W. Goldsmith, No 24, Pater-Noster-Row.$xNo date given on title pages; 1772 according to Penn library catalog$a[London]
=300  \\$a2 v. ;$c17 cm.$xDuodecimo$zIn two volumes.$a[2 v.]
=510  4\$aEnglish novel, 1770-1829,$c1772:14
=510  4\$aBlock, A. Engl. novel (2nd ed.)$cp.119.
=520  \\$aDedication$bTo the right honourable George; Lord Viscount Townsend, late Lord Lieutenant of Ireland.$cFront$vv.1$xClaims that dedicatee knows the work\\\'s central character.$xClaims to be taken directly from papers given to editor, who changed names to protect those involved.$xSigned ""The Editor"
=591  \\$aWhat a strange world this is!$vv.1$vv.2$xUnattributed
=592  \\$aThird-person$dNo quotation marks
=594  \\$aJohn Clarke$bInk$vv.1$xFront free endpaper
=599  \\$aEditor (text)$aAuthor (paratext)$bGeneric/descriptive$2""The Editor""$3Dedication$5Male$6Unknown"
=599  \\$aAuthor (text)$bGeneric/descriptive$2""The journal of his life, written with his own hand, was communicated to me""$3Dedication$5Male$6Unknown"
=650  \4$aCHR 1772
=700  \\$aW. Goldsmith$4Printed for$5Unauthorized
=710  \\$aW. Goldsmith$4Printed for$5Unauthorized
=710  2\$aCollection of British and American Fiction, 1660-1830 (University of Pennsylvania)
=710  2\$aEarly Novels$5University of Pennsylvania
=740  01$aFavourite of fortune.
=740  01$aIrishman.
=852  01$bscsing$t1$hPR3991.A1$iI68 1772$x725836-37$xrecl. fr. 823/Ir45
=866  41$80$av.1-2
=948  \\$ajl
=989  \\$2Irishman$2Favourite$2Fortune$2Novel$2Fact$2Volume$3Satirical$3Two$6Found$vv.1$vv.2
=999  \\$aNA$b6/3/11

