=LDR  04345cam a2200529 i 4500
=001  341423
=005  20130222144754.0
=008  940201s1773\\\\enk\\\\\\\\\\\000\1\eng\d
=035  \\$a(PUVoyagerBIBID)1798479
=035  \\$a(MediadbVoyBIBID)341423
=035  \\$a(CStRLIN)PAUGEAX3961-B
=035  \\$9EAX3961
=035  \\$a(END)sm_pr3991_a1_f365_1773
=040  \\$aPU$cPU
=090  \\$fh$n\\\\jl\\\\
=245  04$aThe fatal effects of deception :$ba novel.
=246  \\$aThe fatal effects of deception. A novel. In three volumes. Vol. I.$dLetter-press$gFull$xVolume$vv.1
=246  \\$aThe fatal effects of deception. A novel. In three volumes. Vol. II.$dLetter-press$gFull$xVolume$vv.2
=246  \\$aThe fatal effects of deception. A novel. In three volumes. Vol. III.$dLetter-press$gFull$xVolume$vv.3
=246  07$aThe fatal deception.$x""The fatal deception"" (verso and recto)$vv.1$vv.2$vv.3"
=260  \\$aLondon$bLondon: printed for T. Jones, at his circulating library, in the Strand, opposite Hungerford Street,$cMDCCLXXIII.$vv.1$vv.2$vv.3$a[London]
=300  \\$a3 v. ;$c19 cm.$xDuodecimo$zIn three volumes.$a[3 v.]
=500  \\$aNumbering of p.65 & 68, v.3, transposed.
=500  \\$aPasted onto inside front cover, all three volumes, an advertisement for ""P. Nugent\\\'s Circulating Library, in Bridge-street, Chester."" (""Books bound in the best and most durable Method; Gentlemen\\\'s Libraries repaired and fitted up in the neatest Manner, and all Orders executed with the utmost Regularity and Dispatch, on the most reasonable Terms. Also Libraries and Parcels of Books bought, sold, or exchanged."")$vv.1$vv.2$vv.3"
=510  4\$aBlock, A. Engl. novel (2nd ed.)$cp. 72.
=510  4\$aESTC (RLIN)$cN6609
=510  4\$aEnglish novel, 1770-1829,$c1773:4
=510  4\$aBlock, A.  Engl. novel (1961 ed.),$cp.72
=520  \\$aAdvertisement$bAdvertisement.$cFront$vv.1$xFull transcription: ""In the present novel writing age, \\\'tis difficult to hit upon a subject that has not been already exhausted, or in the conduct of it, to avoid the charge of plagiarism, from a casual resemblance to some other performance. How far the following trifle comes under this predicament, is referred to the reader\\\'s candour. Pieces of this sort, being so frequently obtruded upon the public, as \\\'Not being originally intended for their inspection\\\'--\\\'Undertaken at the request of a most intimate friend.\\\'--\\\'For private amusement.\\\' &c. &c.--The author is determined not to account, whether vanity, want of employment, or want of a dinner, was the motive which induced him to assume the character. Conscious many inaccuracies, and grammatical errors, may have escaped his observation, he intreats indulgence, and pleads no merit, but an intention of inculcating the practice of virtue, and abhorrence of vice; a design, which he flatters himself may secure a first attempt, from the too severe lash of criticism."
=592  \\$aEpistolary
=599  \\$aAuthor (text)$1Generic/Descriptive$2Conscious many inaccuracies, and grammatical errors, may have escaped his observation, he intreats indulgence$3Advertisement$5Male
=650  \4$aCHR 1773
=650  \4$aPRO P. Nugent\\\' s circulating library in Bridge-street, Chester (bookplate)
=656  \\$aFiction$bFront$vv.1$cSame genre$xAd for a single work: ""Speedily will be published, The delicate princess. A fairy tale."
=656  \\$aFiction$aMixed genre$bBack$vv.3$cSame genre$cSame publisher$xPrimarily an ad for novels, though mention given to the fact that the publisher, identified in the ad heading as Thomas Jones, also sells ""Stationary Wares, Children\\\'s Books, and all Sorts of Plays."
=700  \\$aJones, T. (Thomas)$4Printed for$5Unauthorized
=710  2\$aCollection of British and American Fiction, 1660-1830 (University of Pennsylvania)
=710  2\$aEarly Novels$5University of Pennsylvania
=740  01$aFatal deception.
=852  01$bscsing$t1$hPR3991.A1$iF365 1773$x9 Apr. 1934-Singer mem.$xrecl. fr. EC75/A100/773f
=866  41$80$av.1-3
=948  \\$ajl
=950  \\$lRBC$aPR3991.A1$bF365 1773$i01/01/01 N$x010
=955  \\$lRBC$c1:v.1-3$s9 Apr. 1934-Singer mem.$srecl. fr. EC75/A100/773f
=989  \\$2Effect$2Deception$2Novel$2Volume$3Fatal$3Three
=998  \\$nPU$zBNA
=999  \\$aAFD$b06/07/2011$cSwarthmore College

