=LDR  05449cam a2200589   4500
=001  341446
=005  20130402170946.0
=008  860226s1773\\\\enk\\\\\\\\\\\00000\eng\\
=010  \\$a25015276 
=035  \\$a(PUVoyagerBIBID)187021
=035  \\$a(CStRLIN)PAUG86-B7743
=035  \\$a(MediadbVoyBIBID)341446
=035  \\$9ABB0305
=035  \\$a(END)sm_pr3291_a1_f81_v1
=035  \\$a(END)sm_pr3291_a1_f81_v2
=040  \\$cPU
=050  0\$aPR3291.A1$bF81
=090  \\$aPR3291.A1$bF81$i02/26/86 CTZ
=245  04$aThe Friends;$bor, Original letters of a person deceased. Now first published, from the manuscripts, in his correspondent\\\'s hands ...
=246  \\$aThe friends; or, original letters of a person deceased. Now first published, from the manuscripts, in his correspondent\\\'s hands. In two volumes. Vol. I.$dLetter-press$xVolume$gFull$vv.1
=246  \\$aThe friends; or, original letters. Vol. I.$dLetter-press$xVolume$gHalf$vv.1
=246  \\$aThe friends; or, original letters of a person deceased. Now first published, from the manuscripts, in his correspondent\\\'s hands. In two volumes. Vol. II.$dLetter-press$xVolume$gFull$vv.2
=246  \\$aThe friends; or, original letters. Vol. II.$dLetter-press$xVolume$gHalf$vv.2
=260  \\$aLondon$bJ. Bell, near Exeter-Exchange, in the Strand; and C. Etherington, at York.$cMDCCLXXIII.$vv.1$vv.2$a[London]
=300  \\$a2 v. ;$c18 cm. (12mo)$xDuodecimo$zIn two volumes.$a[2 v.]
=500  \\$aFootnote of interest relating to the editing of original texts(p. 70, first volume): ""But...I own I agree with our author...Had he been the poet of what he called the original one above, why should he have altered it for the worse, in so many passages? One must naturally suspect that there must have been some reason for varying, or disguising the text.""  Vol. 2 contains, starting on page 67, ""Some thoughts on various subjects"" - a collection of proverb-like musings akin to ""Serious reflections of Robinson Crusoe."
=510  4\$aESTC (RLIN)$cT121492
=510  4\$aEnglish novel, 1770-1829,$c1773: 5
=510  4\$aBlock, A.  Engl. novel (1961 ed.),$cp 79
=520  \\$aErrata$bErrata.$cFront$vv.1$vv.2$xOn back of title page of both volumes
=520  \\$aTo the Reader$bThe editor to the reader.$cFront$vv.1$xDescribes the process of coming into possession of these letters, the process of editing them, etc.$xReferences the title of the work: ""I have added the denomination of the Friends, to the title of these writings, as there is..."
=591  \\$a""How preferable are the natural dictates of the heart, to the most elaborate inditings of the head!""$1Letter ix. Par. 2. of this collection.$bThe friends; or, original letters of a person deceased. Now first published, from the manuscripts, in his correspondent\\\'s hands."
=592  \\$aEpistolary$bThird-person$cPoems$xThird-person narration only occurs in the footnotes of the ""editor"".$xInserted in a letter ""Lord Molesworth\\\'s preface to Hotoman\\\'s Franco-Gallia translated by him, and printed in 1705, in the reign of Queen Anne"" (p. 99, second volume)."
=599  \\$aAuthor (text)$bGeneric/Descriptive$2original letters of a person deceased (title page)$2The following collection of letters were written, a good while ago, by a gentleman unknown to the learned world... (to the reader)$3Title Page$3To the Reader$5Male$7In the title, gender claim is indeterminate in the first part of the title (""letters of a person deceased"") but clearly male in the second part (""Now first published...in his correspondent\\\'s hands."")$7IPossibly different gender claim within the text (p. 282, second volume): ""...I begin now to wish...that I could change my sex, for a while....Though I need not shift genders...as both you and I know many men, who generally mispend their time, in this way, as much as their wives and daughters..."
=599  \\$aEditor (text)$bGeneric/Descriptive$2The editor to the reader.$2And these, reader, are, bona fide, the only liberties that have been taken with the original manuscripts, throughout these sheets, by your most obedient servant, the editor.$3To the Reader$5Male$6Unknown$7Gender claim as ""male"" is implicit in the fact that he calls himself a ""friend"" of the letter-writer\\\'s friend.$7Claims to have taken the actions of an editor: ""I have used the privilege of leaving out some passages, and several intire epistles....I have also ventured to add a few notes..."" (p. vi-vii)."
=650  \4$aCHR 1773
=650  \4$aPRO Singer, Jacob (donor)
=650  \4$aPRO Singer, Leah (donor)
=650  \4$aPRO Singer, Godfrey F. (honoree)
=700  \\$aBell, John$d1745-1831$4Printed for$5Authorized
=700  \\$aEthernington, Christopher$4Printed for$5Authorized
=710  \\$aJ. Bell and C. Etherington$4Printed for$5Unauthorized
=710  2\$aCollection of British and American Fiction, 1660-1830 (University of Pennsylvania)
=710  2\$aEarly Novels$5University of Pennsylvania
=752  \\$aEngland$dLondon.
=852  01$bscsing$t1$hPR3291.A1$iF81
=866  30$80$a2 v.
=866  30$80$a(v.1-2); id=9999
=950  \\$lRBC$e\\\\\\\\Singer-\\\\Menden-\\\\hall\\\\$v2 v.$i02/26/86 C
=955  \\$lRBC$c1:(v.1-2)$q726005-6$qg. Mr. and Mrs. Jacob Singer$i02/26/86 C
=989  \\$2Friend$2Letter$2Person$2Manuscript$2Correspondent$2Hand$2Volume$3Original$3Deceased$3His$3Two$6Publish$7Letter$7Manuscript$8First
=999  \\$aMJR$b6/7/11

