=LDR  02399cam a2200541 a 4500
=001  341413
=005  20130221175251.0
=008  860326s1776\\\\enk\\\\\\\\\\\00000\eng\d
=035  \\$a(PUVoyagerBIBID)186136
=035  \\$a(CStRLIN)PAUG86-B11178
=035  \\$a(MediadbVoyBIBID)341413
=035  \\$9ABA9309
=035  \\$a(END)sm_pr3991_a1_e45_1776_v1
=035  \\$a(END)sm_pr3991_a1_e45_1776_v2
=040  \\$aPU$cPU
=090  \\$aPR3991.A1$bE45 1776$i03/26/86 CTZ
=245  00$aEmma, or, The child of sorrow :$ba novel, in two volumes.
=246  \\$aEmma; or, the child of sorrow. A novel. In two volumes. Volume I.$dLetter-press$xVolume$gFull$vv.1
=246  \\$aEmma; or, the child of sorrow. A novel. In two volumes. Volume II.$dLetter-press$xVolume$gFull$vv.2
=246  07$aEmma; or, the child of sorrow.$vv.1$vv.2
=246  07$aEmma; or (verso)$aThe child of sorrow. (recto)$vv.1$vv.2
=260  \\$aLondon$bPrinted for T. Lowndes, no 77, in Fleet-street.$cMDCCLXXVI.$a[London]
=300  \\$a2 v. ;$c17 cm. (12mo)$xDuodecimo$zIn two volumes.$a[2 v.]
=510  4\$aESTC (RLIN)$cT108372
=510  4\$aEnglish novel, 1770-1829,$c1776:2
=592  \\$aEpistolary
=594  \\$aEliz. Bateman 2 vol.$bInk$vv.1$xOn front free endpaper
=594  \\$aE Bateman$bInk$vv.2$xOn front free endpaper
=650  \4$aCHR 1776
=650  \4$aPRO Singer, Jacob (donor)
=650  \4$aPRO Singer, Leah (donor)
=650  \4$aPRO Singer, Godfrey F. (honoree)
=650  \4$aPRO Bateman, Elizabeth (autograph)
=656  \7$aEpistolary fiction$zEngland$y18th century.$2rbgenr
=700  \\$aLowndes, Thomas$d1719-1784$4Printed for$5Authorized
=700  \\$aBateman, Elizabeth Bateman Viscountess$dd. 1802$4Author (inscription)$5Authorized
=710  \\$aLowndes, Thomas$4Printed for$5Authorized
=710  2\$aCollection of British and American Fiction, 1660-1830 (University of Pennsylvania)
=710  2\$aEarly Novels$5University of Pennsylvania
=740  02$aThe child of sorrow.
=752  \\$aEngland$dLondon.
=852  01$bscsing$t1$hPR3991.A1$iE45 1776
=866  30$80$a2 v.
=866  30$80$a(v.1-2); id=9999
=950  \\$lRBC$e\\\\\\\\Singer-\\\\Menden-\\\\hall\\\\$v2 v.$i03/26/86 C
=955  \\$lRBC$c1:(v.1-2)$q725039-40$sEx libris: Bateman, Eliz.$sg. Mr. and Mrs. Jacob Singer$i03/26/86 C
=989  \\$2Child$2Sorrow$2Novel$2Volume$3Two$5Emma$vv.1$vv.2
=999  \\$aMJR$b6/14/11

