=LDR  05657cam a2200769 a 4500
=001  341556
=005  20130402174402.0
=008  860407m17771778enkaf\\\\\\\\\00000\eng\d
=035  \\$a(PUVoyagerBIBID)146526
=035  \\$a(CStRLIN)PAUG86-B12748
=035  \\$a(CaOTULAS)146808248
=035  \\$9AAW3279
=035  \\$a(MediadbVoyBIBID)341556
=035  \\$a(END)pr3991_a1_m45_1777
=040  \\$aPU$cPU
=090  \\$aPR3991.A1$bM45 1777$i04/07/86 CT
=245  00$aMemoirs of the late Edw. W---ly M--tague, Esq. :$bwith remarks on the manners and customs of the oriental world : collected and published from original posthumous papers.
=246  \\$aMemoirs of the late Edw. W-----ly M---tague, Esq; in two volumes.$dLetter-press$gHalf$xWork
=246  \\$aMemoirs of the late Edw. W-----ly M---tague, Esq; with remarks on the manners and customs of the oriental world; collected and published from original posthumous papers. Vol. I.$dLetter-press$gFull$xVolume$vv.1
=246  \\$aMemoirs of the late Edw. W-----ly M---tague, Esq; volume II.$dLetter-press$gHalf$xVolume$vv.2
=246  \\$aMemoirs of the late Edw. W-----ly M---tague, Esq; with remarks on the manners and customs of the oriental world; collected and published from original posthumous papers. Vol. II.$dLetter-press$gFull$xVolume$vv.2
=246  \\$aSherlock\\\'s letters. Volume the first.$dLetter-press$gHalf$xVolume$vv.3
=246  \\$aLetters on several subjects. By the Rev. Martin Sherlock, A.M. Chaplain to the right honourable the Earl of Bristol.$dLetter-press$gFull$xWork
=246  07$aPreface.$vv.3
=246  07$aPreface. (verso)$aPreface. (recto)$vv.3
=260  \\$aLondon$bPrinted for J. Wallis, in Ludgate-Street.$cMDCCLXXVIII.$vv.1$vv.2$a[London]
=260  \\$aLondon$bPrinted for J. Nichols, T. Cadell, P. Elmsly, H. Payne, and N. Conant.$cMDCCLXXXI.$vv.3
=300  \\$a2 v. ;$bill. ;$c15 cm. (8vo)$xOctavo$zIn two volumes.$bIll.$a[2 v.]
=500  \\$aFictitious memoirs. Cf. DNB, XIII, p. 687.
=500  \\$aTwo works bound together
=500  \\$aOn verso of half title page of first volume of ""Letters on several subjects..."": ""These letters are entered at Stationers-Hall."
=510  4\$aESTC (RLIN)$cT129182
=520  \\$aTable of contents$bThe contents of the first volume.$cFront$vv.1$xBrief description appends each chapter heading
=520  \\$aTable of contents$bThe contents of the second volume.$cFront$vv.2$xBrief description appends each chapter heading
=520  \\$aDedication$bTo the right honourable the Countess of Bristol.$cFront$vv.3
=520  \\$aPreface$bPreface.$cFront$vv.3$xDiscusses relationship with critics (e.g. ""O that my enemy would publish a book, said Solomon! and I always suspected that this royal writer had uttered this exclamation while he was smarting under the criticisms of some unmerciful reviewer. These reviewers have ever been a dangerous set of men. What I dislike most in them is their savage mode of attack. They shoot at you from behind a tree: you never see them. However, I blieve their policy is good. Obscurity gives weight to their oracles. If they were known, their names alone would kill their criticisms[...]Their duty is to inform the public of the merits or demerits of his works. It is of importance to the public to know whether a writer speaks truth or falsehood, whether he writes sense or nonsense. It is of no importance to it to know whether he is a proud or vain man."")"
=590  \\$aImprint date in both volumes altered by hand to 1778.
=590  \\$aWith: Letters on several subjects / Martin Sherlock. London: Printed for J. Nichols, T. Cadell, P. Elmsly, H. Payne and N. Conant, 1781.
=591  \\$aO that my enemy would publish a book!$vv.3
=592  \\$aEpistolary$vv.1$vv.2
=592  \\$aFirst-person$bEpistolary$vv.3
=594  \\$aGell Hopton$bInk$vv.1$xOn front pastedown
=599  \\$aAuthor (text)$1Proper name$2Memoirs of the late Edw. W-----ly M---tague, Esq.$3Title Page$5Male$6Male$vv.1$vv.2
=599  \\$aAuthor (text)$1Proper name$2By the Rev. Martin Sherlock, A.M.$3Title Page$5Male
=600  10$aMontagu, Edward Wortley,$d1713-1776$xFiction.
=650  \4$aCHR 1777
=650  \4$aCHR 1778
=700  \\$aMontagu, Edward Wortley$d1713-1776$4Author (text)$5Authorized$vv.1$vv.2
=700  \\$aWallis, J.$4Publisher$5Authorized$vv.1$vv.2
=700  \\$aSherlock, Martin$dca. 1750-1797$4Author (text)$5Authorized$vv.3
=700  \\$aNichols, John$d1745-1826$4Publisher$5Authorized$vv.3
=700  \\$aCadell, T. (Thomas)$d1742-1802$4Publisher$5Authorized$vv.3
=700  \\$aElmsley, Peter$d1734 or 5-1802$4Publisher$5Authorized$vv.3
=700  \\$aPayne, Henry$dfl. 1760-1761$4Publisher$5Authorized$vv.3
=700  \\$aConant, Nathaniel$4Publisher$5Authorized$vv.3
=710  \\$aWallis, J.$4Publisher$5Authorized$vv.1$vv.2
=710  \\$aNichols, John$4Publisher$5Authorized$vv.3
=710  \\$aT. Cadell (Bookseller), P. Elmsly (Bookseller), H. Payne, and N. Conant$4Publisher$5Authorized$vv.3
=710  2\$aCollection of British and American Fiction, 1660-1830 (University of Pennsylvania)
=710  2\$aEarly Novels$5University of Pennsylvania
=852  01$bscrare$t1$hPR3991.A1$iM45 1777
=866  30$80$a2 v.
=950  \\$lRBC$v2 v.$i04/07/86 C
=955  \\$lRBC$c1$q54-272$sin 1$i04/07/86 C
=989  \\$2Memoir$2Esq.$2Remark$2Manner$2Custom$2World$2Paper$2Volume$3Late$3Oriental$3Original$3Posthumous$5Edw. W-----ly M---tague, Esq.$6Collect$6Publish$vv.1$vv.2
=989  \\$2Letter$2Subject$2Rev.$2Chaplain$2Earl$3Several$3Right$3Honourable$5Rev. Martin Sherlock, A.M.$5Earl of Bristol$vv.3
=999  \\$aAFD$B06/16/2011

