=LDR  02454cam a2200529 a 4500
=001  341345
=005  20130215143219.0
=008  860711s1782\\\\enk\\\\\\\\\\\00000\eng\d
=035  \\$a(PUVoyagerBIBID)161070
=035  \\$a(CStRLIN)PAUG86-B29087
=035  \\$a(CaOTULAS)146816239
=035  \\$a(MediadbVoyBIBID)341345
=035  \\$9AAX8258
=035  \\$a(END)sm_pr3991_a1_b52_1782
=040  \\$aPU$cPU
=090  \\$aPR3991.A1$bB52 1782$i07/17/86 CT
=245  00$aBlandford races :$ba novel, in two volumes.
=246  \\$aBlandford races. Volume I.$dLetter-press$gHalf$xVolume$vv.1
=246  \\$aBlandford races: a novel. In two volumes. Vol. I.$dLetter-press$gFull$xVolume$vv.1
=246  \\$aBlandford races. Volume II.$dLetter-press$gHalf$xVolume$vv.2
=246  \\$aBlandford races: a novel. In two volumes. Vol. II.$dLetter-press$gFull$xVolume$vv.2
=246  07$aLetter [roman numeral].$vv.1
=246  07$aLetter [roman numeral].$aLetter [roman numeral].$vv.1
=260  \\$aLondon$bPrinted for J. Bew, in Pater-noster Row.$cM.DCC.LXXXII.$vv.1$vv.2$a[London]
=300  \\$a2 v. ;$c15 cm. (12mo)$xDuodecimo$zIn two volumes.$a[2 v.]
=510  4\$aESTC (RLIN)$cN32284
=510  4\$aEnglish novel, 1770-1829,$c1782:3
=520  \\$aTable of contents$bContents to volume I.$cFront$vv.1
=520  \\$aTable of contents$bContents to volume II.$cFront$vv.2
=591  \\$aThe fathers have eaten sour grapes, and the children\\\'s teeth are set on edge.$1Ezekiel$bBible, Ezekiel 18:2$vv.1$vv.2
=591  \\$aThe ways of heaven are dark and intricate.$2Addison$bCato$cJoseph Addison$vv.1$vv.2
=592  \\$aEpistolary
=650  \4$aCHR 1782
=650  \4$aPRO Redwood Library (Stamp)
=656  \7$aEpistolary fiction$zEngland$y18th century.$2rbgenr
=700  \\$aBew, John$dd. 1793$4Publisher$5Authorized
=700  \\$aAddison, Joseph$d1672-1719$4Author (epigraph)$5Authorized
=710  \\$aJ. Bew (Bookseller)$4Publisher$5Authorized
=710  2\$aCollection of British and American Fiction, 1660-1830 (University of Pennsylvania)
=710  2\$aEarly Novels$5University of Pennsylvania
=852  01$bscsing$t1$hPR3991.A1$iB52 1782
=866  30$80$a2 v.
=866  30$80$a(v.1-2); id=9999
=950  \\$lRBC$e\\\\\\\\Singer-\\\\Menden-\\\\hall\\\\$v2 v.$i07/17/86 C
=955  \\$lRBC$c1:(v.1-2)$q56-446$sEx libris: Redwood Library$sSinger-Mendenhall$i07/17/86 C
=989  \\$2Race$2Novel$2Volume$4Blanford
=999  \\$aAFD$b06/27/2011

