=LDR  02983cam a2200517 a 4500
=001  341603
=005  20130319184615.0
=008  860819s1782\\\\enk\\\\\\\\\\\00001\eng\d
=035  \\$a(PUVoyagerBIBID)102340
=035  \\$a(CStRLIN)PAUG86-B35943
=035  \\$a(CaOTULAS)146829772
=035  \\$9AAP7148
=035  \\$a(MediadbVoyBIBID)341603
=035  \\$a(END)sm_pr3991_a1_p45_1782_v1
=035  \\$a(END)sm_pr3991_a1_p45_1782_v2
=040  \\$aCtY-BR$dCtY-BR$dPU
=090  \\$aPR3991.A1$bP45 1782$i08/19/86 CT
=245  04$aThe Philosophical Quixote, or, Memoirs of Mr. David Wilkins :$bin a series of letters.
=246  30$aMemoirs of Mr. David Wilkins
=246  \\$aThe philosophical Quixote; or, memoirs of Mr. David Wilkins. In a series of letters Vol. I.$dLetter-press$xVolume$gFull$vv.1
=246  \\$aThe philosophical Quixote; or, memoirs of Mr. David Wilkins. In a series of letters Vol. II.$dLetter-press$xVolume$gFull$vv.2
=246  07$aPhilosophical Quixotte [sic].$vv.1$vv.2
=246  07$aPhilosophical (verso)$aQuixotte [sic]. (recto)$vv.1$vv.2
=260  0\$aLondon$bPrinted for J. Johnson, in St. Paul\\\'s Church-yard,$cMDCCLXXXII.$vv.1$vv.2$a[London]
=300  \\$a2 v. ;$c17 cm. (8vo)$xOctavo$a[2 v.]
=500  \\$aEnd of second volume seems incomplete: the last sentence reads ""After a long pause, with visible emotions of agony and distress, he answered me in the manner following."" followed by, ""End of the second volume."
=510  4\$aESTC (RLIN)$cT107041
=510  4\$aEnglish novel, 1770-1829,$c1782:9
=510  4\$aBlock, A.  Engl. novel,$cp. 183
=520  \\$aPreface$bPreface.$cFront$vv.1$xContains errata at the end, integrated into the text of the preface.
=592  \\$aEpistolary$xContains some footnotes.
=599  \\$aEditor (text)$bGeneric/Descriptive$2The editor.$3Preface$5Indeterminate$6Unknown$7Comment on editor\\\'s anonymity: ""Should this [the pardon of Mr. Dennis and his correspondent for publishing their letters], however, not be obtained, I shall at least escape their personal resentment, as it will not be possible for them to discover, with certainty, who it is that has thus published their letters."
=599  \\$aAuthor (paratext)$bGeneric/Descriptive$2The editor.$3Preface$5Indeterminate$6Unknown
=650  \4$aCHR 1782
=650  \4$aPRO Mendenhall, John C. (donor)
=700  \\$aJohnson, Joseph$d1738-1809$4Printed for$5Authorized
=710  \\$aJ. Johnson$4Printed for$5Authorized
=710  2\$aCollection of British and American Fiction, 1660-1830 (University of Pennsylvania)
=710  2\$aEarly Novels$5University of Pennsylvania
=852  01$bscsing$t1$hPR3991.A1$iP45 1782
=866  30$80$a2 v.
=866  30$80$a(v.1-2); id=9999
=950  \\$lRBC$e\\\\\\\\Singer-\\\\Menden-\\\\hall\\\\$v2 v.$i08/19/86 C
=955  \\$lRBC$c1:(v.1-2)$q50-1095$qg. Dr. John C. Mendenhall$i08/19/86 C
=989  \\$2Memoir$2Mr.$2Series$2Letter$5Quixote$5Mr. David Wilkins$vv.1$vv.2
=999  \\$aMJR$b6/24/11

