=LDR  04930cam a2200649 a 4500
=001  341602
=005  20130404172548.0
=008  860715s1783\\\\enk\\\\\\\\\\\00000\eng\d
=035  \\$a(PUVoyagerBIBID)161470
=035  \\$a(CStRLIN)PAUG86-B29590
=035  \\$a(CaOTULAS)146817456
=035  \\$9AAX8670
=035  \\$a(MediadbVoyBIBID)341602
=035  \\$a(END)sm_pr3991_a1_p43_1783
=040  \\$aPU$cPU
=090  \\$aPR3991.A1$bP43 1783$i07/31/86 CT
=245  00$aPeggy and Patty, or, The sisters of Ashdale :$bin four volumes.
=246  \\$aPeggy and Patty; or, the sisters of Ashdale. In four volumes. Vol. I.$dLetter-press$xVolume$gFull$vv.1
=246  \\$aPeggy and Patty; or, the sisters of Ashdale. Vol. I.$dLetter-press$xVolume$gHalf$vv.1
=246  \\$aPeggy and Patty; or, the sisters of Ashdale. In four volumes. Vol. II.$dLetter-press$xVolume$gFull$vv.2
=246  \\$aPeggy and Patty; or, the sisters of Ashdale. Vol. II.$dLetter-press$xVolume$gHalf$vv.2
=246  \\$aPeggy and Patty; or, the sisters of Ashdale. In four volumes. Vol. III.$dLetter-press$xVolume$gFull$vv.3
=246  \\$aPeggy and Patty; or, the sisters of Ashdale. Vol. III.$dLetter-press$xVolume$gHalf$vv.3
=246  \\$aPeggy and Patty; or, the sisters of Ashdale. In four volumes. Vol. IV.$dLetter-press$xVolume$gFull$vv.4
=246  \\$aPeggy and Patty; or, the sisters of Ashdale. Vol. IV.$dLetter-press$xVolume$gHalf$vv.4
=260  \\$aLondon$bPrinted for J. Dodsley, Pall-mall.$cM,DCC,LXXXIII.$vv.1$vv.2$vv.3$vv.4$a[London]
=300  \\$a4 v. ;$c16 cm. (8vo)$xOctavo$zIn four volumes.$a[4 v.]
=500  \\$aAn epistolary novel.
=500  \\$aEach volume contains two bookplates on the front pastedown, one that reads ""E. Williams, New Dale, Satop,"" and the other that reads, ""D. Webster bookseller Tunbridge Wells books bought""."
=510  4\$aESTC (RLIN)$cN38510
=510  4\$aEnglish novel, 1770-1829,$c1783:24
=510  4\$aBlock, A.  Engl. novel (1961 ed.),$cp.181-82
=520  \\$aAdvertisement$aTo the Reader$bAdvertisement: to the reader.$cFront$vv.1$xAuthorial$xBegins, ""\\\'I hate apologies""--(says a sensible author) \\\'for if you have written well, there needs none;--and if ill, they will be of little service.\\\'--Yet the writer of the following history...""$xEstablishes the intended audience as ""the young, the unprotected, inexperienced part of the female world,"" and the purpose of the novel to ""warn"" this audience ""to avoid the fatal effects of a too easy belief, and rash credulity,"" to ""reprobate vice,"" and to ""recommend...virtues"".$xQuotes, at length, ""the excellent author of the Spectator"".$xEnds in an unattributed quotation."
=592  \\$aEpistolary$bThird-person$bFirst-person$cPoem(s)$cTheatrical dialogue$xThe sections of the novel that are not epistolary are in the third-person, with occasional instances of authorial first-person.$xTheatrical dialogue contained within a letter.$xContains authorial footnotes, addressed to the reader, providing extra information unknown to the characters.
=594  \\$aPurchased at Willington 12/3/95 by E Walsh$bInk$vv.4$xOn the bookplate that reads ""E. Williams..."
=599  \\$aAuthor (text)$bGeneric/Descriptive$2the writer of the following history$3Advertisement$3To the Reader$5Indeterminate$6Unknown
=599  \\$aAuthor (text)$bGeneric/Descriptive$2the writer of this little work$3Advertisement$3To the Reader$5Female$6Unknown$7Comments on her anonymity--the full statement containing this authorship claim is, ""If the reader should entertain a wish to know who or what the writer of this little work is,--suffice it to say, a woman;--but whether a maid, wife, or widow;--whether fair or brown--tall or short;--whether it was written for a dinner, or a new gown,--is of no great importance."
=656  \7$aEpistolary fiction$zEngland$y18th century$2rbgenr
=650  \4$aCHR 1783
=650  \4$aPRO Mendenhall, John C. (Donor)
=650  \4$aPRO Williams, E. (Bookplate)
=650  \4$aPRO Webster, D., bookseller (Bookplate)
=700  \\$aDodsley, James$d1724-1797$4Printed for$5Authorized
=700  \\$aE. Williams$4Author (bookplate)$5Unauthorized
=700  \\$aD. Webster$4Author (bookplate)$5Unauthorized
=710  \\$aJ. Dodsley$4Printed for$5Authorized
=710  2\$aCollection of British and American Fiction, 1660-1830 (University of Pennsylvania)
=710  2\$aEarly Novels$5University of Pennsylvania
=740  0\$aSisters of Ashdale.
=752  \\$aEngland$dLondon.
=852  01$bscsing$t1$hPR3991.A1$iP43 1783
=866  30$80$a4 v.
=866  30$80$a(v.1-4); id=9999
=950  \\$lRBC$e\\\\\\\\Singer-\\\\Menden-\\\\hall\\\\$v4 v.$i07/31/86 C
=955  \\$lRBC$c1:(v.1-4)$q50-1085$qg. Dr. John C. Mendenhall$sEx libris: Williams, E.$sEx libris: Webster, D., bookseller$i07/31/86 C
=989  \\$2Sister$2Volume$3Four$4Ashdale$5Peggy$5Patty$vv.1$vv.2$vv.3$vv.4
=999  \\$aMJR$b6/28/11

