=LDR  04266cam a22006851  4500
=001  341334
=005  20130513104922.0
=008  870602s1783\\\\enk\\\\\\\\\\\00000\eng\\
=010  \\$a35034696  
=035  \\$a(MediadbVoyBIBID)341334
=035  \\$a(END)D917_A5_1783
=035  \\$a(PUVoyagerBIBID)1800287
=035  \\$a(CStRLIN)PAUGEAX5800-B
=035  \\$9EAX5800
=040  \\$cMiU$dMiU$dPU
=043  \\$ae------
=050  0\$aD917$b.A5 1783
=090  \\$fh$n\\\\jl\\\\
=245  04$aThe American wanderer, through various parts of Europe,$bin a series of letters to a lady (interspersed with a variety of interesting anecdotes)$cBy a Virginian.
=246  \\$aThe American wanderer, through various parts of Europe, in a series of letters to a lady, (interspersed with a variety of interesting anecdotes) by a Virginian.$dLetter-press$xWork$gFull
=246  07$aThe American wanderer.
=246  07$aThe American wanderer. (verso)$aThe American wanderer. (recto)
=260  \\$aLondon$bPrinted for J. Robson, bookseller, in New Bond Street.$cMDCCLXXXIII.$a[London]
=300  \\$axvi (i.e. xviii), 422 p.$c22 cm.$xOctavo$a[1 v.]
=500  \\$aPages [ix] and x repeated in numbering.
=500  \\$aBookplate on front pastedown that reads ""Tervoe."
=510  4\$aESTC (RLIN)$cT162394
=520  \\$aTo the Reader$bTo the public.$cFront$xAuthorial$xAsserts that these letters are genuine and nonfictional.$xAsserts that the phrase ""the author wrote not for the public eye"" is ""hackneyed"".$xSets the time period of these letters as 1776-7.$xContains a reference to The sorrows of Werter."
=520  \\$aTable of contents$bThe contents.$cFront$xContains a short summary of the topics of each letter.
=591  \\$aNos patriæ fines, & dulcia linquimus arva;---Nos patriam fugimus: tu, Tityre, lentus in umbrâ,---Formosam resonare doces Amaryllida sylvas.$2Virgil.$bPublii Virgilii maronis bucolica. Ecloga I. Tityrus, Meliboeus.$cVirgil
=591  \\$aRound the wide world in banishment we roam,---Forc\\\'d from our pleasing fields and native home:---While stretch\\\'d at ease, you sing your happy loves;---And Amaryllis fills the shady groves.$2Dryden.$bThe first pastoral or, Tityrus and Meliboeus.$cDryden, John
=592  \\$aEpistolary$cTheatrical dialogue$cPoems$xAll of the letters are from ""The American wanderer,"" addressed to the same ""lady,"" except for three letters ""to a noble lord,"" the first of which is signed A. W. L.: p. 381-422."
=594  \\$aWm. Monsell$bInk$xOn title page
=599  \\$aAuthor (text)$bGeneric/Descriptive$2By a Virginian.$3Title Page$5Indeterminate$6Unknown
=599  \\$aAuthor (text)$bGeneric/Descriptive$2the writer$3To the Public$5Male$6Unknown
=599  \\$aAuthor (text)$bGeneric/Descriptive$2the author$3To the Public$5Male$6Unknown
=599  \\$aAuthor (text)$bGeneric/Descriptive$2The author is a young man...$3To the Public$5Male$6Unknown
=599  \\$aAuthor (paratext)$bGeneric/Descriptive$2The wanderer.$3To the Public$5Indeterminate$6Unknown
=650  \4$aCHR 1783
=650  \4$aPRO Tervoe (bookplate)
=650  \4$aPRO Monsell, William (autograph)
=651  \0$aEurope$xDescription and travel$xEarly works to 1800.
=700  00$aVirginian,$cpseud.
=700  10$aL., A. W.
=700  10$aA. W. L.
=700  \\$aRobson, James$d1733-1806$4Printed for$5Authorized
=700  \\$aVirgil$4Author (epigraph)$5Authorized
=700  \\$aDryden, John$d1631-1700$4Author (epigraph)$5Authorized
=700  \\$aMonsell, William$d1812-1894$4Author (inscription)$5Authorized
=700  \\$aTervoe$4Author (bookplate)$5Unauthorized
=710  \\$aRobson, James$4Printed for$5Authorized
=710  2\$aCollection of British and American Fiction, 1660-1830 (University of Pennsylvania)
=710  2\$aEarly Novels$5University of Pennsylvania
=852  00$bscsing$t1$hD917$i.A5 1783$x55-1685$x88239$xrecl. fr. EC75/A100/783a2
=948  \\$ajl
=950  \\$lRBC$aD917$b.A5 1783$i01/01/01 N$x010
=955  \\$lRBC$c1$s55-1685$s88239$srecl. fr. EC75/A100/783a2
=989  \\$2Wanderer$2Part$2Series$2Letter$2Lady$2Variety$2Anecdote$2Virginian$3American$3Various$3Interesting$3Virginian$4Europe$5Virginian$6Intersperse$7Letter
=998  \\$s9124$nPU$zBNA
=999  \\$aMJR$b6/28/11

