=LDR  02017cam a2200457 a 4500
=001  341463
=005  20130228172439.0
=008  860618s1783\\\\enk\\\\\\\\\\\00000\eng\d
=035  \\$a(PUVoyagerBIBID)158229
=035  \\$a(CStRLIN)PAUG86-B25091
=035  \\$a(CaOTULAS)156303031
=035  \\$9AAX5356
=035  \\$a(MediadbVoyBIBID)341463
=035  \\$a(END)sm_pr3991_a1_h575_1783_v1
=035  \\$a(END)sm_pr3991_a1_h575_1783_v2
=040  \\$aPU$cPU
=090  \\$aPR3991.A1$bH575 1783$i06/18/86 CT
=245  04$aThe History of the Miss Baltimores :$bin a series of letters.
=246  \\$aThe history of the Miss Baltimores; in a series of letters. Vol. I.$dLetter-press$gFull$xVolume$vv.1
=246  \\$aThe history of the Miss Baltimores; in a series of letters. Vol. II.$dLetter-press$gFull$xVolume$vv.2
=260  \\$aLondon$bPrinted for T. Hookham, at his circulating library, New Bond-Street, corner of Bruton-Street.$cM.DCC.LXXXIII.$vv.1$vv.2$a[London]
=300  \\$a2 v. ;$c18 cm. (12mo)$xDuodecimo$a[2 v.]
=500  \\$aAn epistolary novel.
=510  4\$aESTC (RLIN)$cT54972
=510  4\$aEnglish novel, 1770-1829,$c1783:3
=592  \\$aEpistolary
=594  \\$aLL. Aug. 6th. 1783.$bInk$vv.1$vv.2$xOn full title page
=650  \4$aCHR 1783
=650  \4$aPRO Hall, Fitz Edward (Bookplate)
=656  \7$aEpistolary fiction$zEngland$y18th century.$2rbgenr
=700  \\$aHookham, Thomas$4Publisher$5Authorized
=710  \\$aT. Hookham (Firm)$4Publisher$5Authorized
=710  2\$aCollection of British and American Fiction, 1660-1830 (University of Pennsylvania)
=710  2\$aEarly Novels$5University of Pennsylvania
=852  01$bscsing$t1$hPR3991.A1$iH575 1783
=866  30$80$a2 v.
=866  30$80$a(v.1-2); id=9999
=950  \\$lRBC$e\\\\\\\\Singer-\\\\Menden-\\\\hall\\\\$v2 v.$i06/18/86 C
=955  \\$lRBC$c1:(v.1-2)$q744350$sEx libris: Hall, Fitz Edward$sSinger-Mendenhall$i06/18/86 C
=989  \\$2History$2Miss$2Series$2Letter$5Miss Baltimore$7Letter
=999  \\$aAFD$b06/28/2011

