=LDR  04967cam a2200745 a 4500
=001  158810
=005  20141120134435.0
=008  860623s1784\\\\enk\\\\\\\\\\\00000\eng\d
=035  \\$a(OCoLC)ocm17378794
=035  \\$a(OCoLC)17378794
=035  \\$a(CStRLIN)PAUG86-B25888
=035  \\$a(CaOTULAS)146807743
=035  \\$9AAX5954
=035  \\$a158810
=035  \\$a(PennHoldings)189524
=040  \\$aPU$cPU
=090  \\$aPR4099.B82$bM37 1784$i06/26/86 CT
=100  1\$aBerkeley, George Monck$d1763-1793.
=245  10$aMaria, or, The generous rustic.
=246  \\$aMaria; or, the generous rustic.$dLetter-press$gHalf$xWork
=246  \\$aMaria; or, the generous rustic.$dLetter-press$gFull$xWork
=246  07$aMaria.
=246  07$aMaria. (verso)$aMaria. (recto)
=260  \\$aLondon$bPrinted for T. Cadell, London; and C. Elliot, Edinburgh.$cMDCCLXXIV$c1784$a[London]
=300  \\$a135, [1] p. ;$c17 cm. (8vo)$xOctavo$a[1 v.]
=500  \\$aPublished anonymously. By George Monck Berkeley. Cf. Halkett & Laing (2nd ed.)
=500  \\$aBookplate--""Library of the University of Pennsylvania The Godfrey F. Singer Memorial Presented by Mr. and Mrs. Jacob Singer"" located front paste-down endpaper."
=500  \\$aLibrary-related marginalia; front paste-down endpaper, front free endpaper, dedication, and back free endpaper.
=501  \\$z158817
=510  4\$aESTC (RLIN)$cN4372
=510  4\$aEnglish novel, 1770-1829,$c1784:12
=510  4\$aHalkett & Laing (2nd ed.)$cv.4, p.22
=520  \\$aDedication$bDedication.$cFront$x""To Almeria, who possesses every virtue that adorned the unfortunate Maria, are the following sheets inscribed:--whilst that she may experience a milder fate, is the sincerest wish of the author."
=520  \\$aPreface$bPreface.$cFront$x""The unfortunate have a strong claim to every service we can render them...Not having the happiness of knowing the Marquis of Clerville or his Maria, I had it not in my power to attempt an alleviation of their sorrows.--If I had, my attempt might nit have been crowned with success. But many are the revolving years that have elapsed since Clerville and Maria ceased to sigh. The only attention I can now pay the illustrious pair, is to perpetuate their unhappy fate..."
=520  \\$aPoem$bEpitaph on the tomb of Clerville and Maria. Written by the Baron Fitzou.$cBack$x""Pass not. Here Clerville and Maria sleep.--Sad pair! ye ceas\\\'d at once to live and weep...."
=590  \\$aWith: The history of Eliza Warwick. London: Printed for J. Bew ..., 1778.
=591  \\$aO may we never love as these have lov\\\'d!$2Pope.$bEloisa to Abelard$cAlexander Pope$xLocated full title page.
=592  \\$aThird-person$bFirst-person$xNarrator uses first-person, meta-reflection in Chap. V. ie: ""But before I proceed farther in my narrative, it will be necessary to give some description of Maria\\\'s mental accomplishments..."
=594  \\$aHenry Hewitt from his dear wife Lou[ ]ia 1851$bInk$xLocated front free endpaper
=595  \\$aPencil$bWords$xLocated front paste-down endpaper ""3 vols. in 1""."
=599  \\$aAuthor (paratext)$dGeneric/descriptive$2The author.$3Dedication$5Indeterminate$6Male$7Author is actually George Monck Berkeley.
=599  \\$aAuthor (text)$dGeneric/descriptive$2The author.$3Dedication$5Indeterminate$6Male$7Author is actually George Monck Berkeley.
=599  \\$aAuthor (paratext)$dGeneric/descriptive$2The author...he wrote not to immortalize himself but Maria.$3Preface$5Male$6Male$7Author is actually George Monck Berkeley.
=599  \\$aAuthor (text)$dGeneric/descriptive$2The author...he wrote not to immortalize himself but Maria.$3Preface$5Male$6Male$7Author is actually George Monck Berkeley.
=650  \4$aCHR 1784
=650  \4$aPRO Hewitt, Henry (inscription)
=650  \4$aPRO Hewitt, Lousia (inscription)
=650  \4$aPRO Singer, Jacob (donor)
=650  \4$aPRO Singer, Leah (donor)
=650  \4$aPRO Singer, Godfrey F. (honoree)
=700  \\$aBerkeley, George Monck$d1763-1793$4Author (text)$5Authorized
=700  \\$aHewitt, Henry$dName inscribed 1851$4Inscribed by$5Unauthorized
=700  \\$aCadell, T. (Thomas)$d1742-1802$4Printed for$5Authorized
=700  \\$aElliot, C. (Charles)$d-1790$4Printed for$5Authorized
=700  \\$aPope, Alexander$d1684-1744$4Author (epigraph)$5Authorized
=710  \\$aT. Cadell and C. Elliot$4Printed for$5Unauthorized
=710  2\$aCollection of British and American Fiction, 1660-1830 (University of Pennsylvania)$5PU
=710  2\$aEarly Novels Database$5University of Pennsylvania
=740  02$aGenerous rustic.
=752  \\$aEngland$dLondon.
=752  \\$aScotland$dEdinburgh.
=950  \\$lRBC$e\\\\Singer-\\\\Menden-\\\\hall\\\\$i06/26/86 C
=955  \\$lRBC$c1$q725280$sEx libris: Hewitt, Henry$sEx libris: Hewitt, Lousia$sg. Mr. and Mrs. Jacob Singer$i06/26/86 C
=989  \\$4Maria$3Generous$2Rustic
=999  \\$aKGP$b6/6/16$cHarvard Divinity School$dCG

