=LDR  04358cam a2200673 a 4500
=001  341706
=005  20130321171707.0
=008  860626s1784\\\\enk\\\\\\\\\\\00010\eng\d
=035  \\$a(PUVoyagerBIBID)159461
=035  \\$a(CStRLIN)PAUG86-B26845
=035  \\$a(CaOTULAS)146810119
=035  \\$9AAX6622
=035  \\$a(MediadbVoyBIBID)341706
=035  \\$a(END)sm_pr3639_p445_v57_1784
=040  \\$aPU$cPU
=090  \\$aPR3639.P445$bV57 1784$i06/26/86 CT
=100  1\$aPotter, John$dfl. 1754-1804.
=245  14$aThe virtuous villagers :$ba novel, in a series of letters /$cby John Potter ... : in two volumes.
=246  \\$aThe virtuous villagers, a novel. In a series of letters. By John Potter, M. B. author of The curate of Coventry, &c. &c. In two volumes. Vol. I.$dLetter-press$xVolume$gFull$vv.1
=246  \\$aThe virtuous villagers, a novel. Vol. I.$dLetter-press$xVolume$gHalf$vv.1
=246  \\$aThe virtuous villagers, a novel. In a series of letters. By John Potter, M. B. author of The curate of Coventry, &c. &c. In two volumes. Vol. II.$dLetter-press$xVolume$gFull$vv.2
=246  \\$aThe virtuous villagers, a novel. Vol. II.$dLetter-press$xVolume$gHalf$vv.2
=246  07$aThe virtuous villagers.$vv.1$vv.2
=246  07$aThe virtuous villagers. (verso)$aThe virtuous villagers. (recto)$vv.1$vv.2
=260  \\$a[London]$bPrinted for W. Cass, Lamb\\\'s Conduit Street, Holborn,$cMDCCLXXXIV.$vv.1$vv.2$a[London]
=300  \\$a2 v. ;$c19 cm. (12mo)$xDuodecimo$a[2 v.]
=500  \\$aAdvertisements on last p. of v. 2.
=510  4\$aESTC (RLIN)$cN66765
=510  4\$aEnglish novel, 1770-1829,$c1784:22
=510  4\$aBlock, A.  Engl. novel (1961 ed.),$cp.188
=520  \\$aAdvertisement$bAdvertisement.$cFront$vv.1$xAuthorial$xBegins, ""The author of the following work thinks it necessary to observe, that he has studiously endeavoured to avoid subscribing to the wishes of juvenile indiscretion, in not indulging the erratick delusions and extravagances of romance.""$xExplains the purpose of the novel: ""to correct the mistakes of the heart; to enlarge the boundaries of human understanding; to point out the social obligations; to display the beauties of domestic felicity; and to give ardour and confidence to virtue."
=590  \\$aBound in 1 volume.
=591  \\$a--Tibi scriptus, matrona, libellus.$2Martial.$bEpigrams. LXVII.$cMartial
=591  \\$aTo mend the heart, to raise the mind, our view,---Ye modest fair, this book is writ for you.
=592  \\$aEpistolary$xContains footnotes citing allusions or expanding on certain details, e.g. digressing on the topic of music, instruments, harmony, etc..$xContains many quotations from poems.
=594  \\$aLeighton house$bInk$vv.1$vv.2$xOn the full title page of both volumes.
=595  \\$aPencil$bEditorial markings$vv.1$xCertain words underlined on the title page.
=599  \\$aAuthor (text)$bProper name$bReference to other works$2By John Potter, M. B. author of The curate of coventry, &c. &c.$3Title Page$5Male$6Male
=599  \\$aAuthor (text)$bGeneric/Descriptive$2The author of the following work thinks it necessary to observe, that he has studiously endeavoured...$3Advertisement$5Male$6Male
=656  \7$aEpistolary fiction$zEngland$y18th century.$2rbgenr
=656  \7$aBooksellers\\\' advertisements$zEngland$y18th century.$2rbgenr
=650  \4$aCHR 1784
=650  \4$aPRO Leighton house (Inscription)
=650  \4$aPRO Singer, Jacob (donor)
=650  \4$aPRO Singer, Leah (donor)
=650  \4$aPRO Singer, Godfrey F. (honoree)
=656  \\$aFiction$bBack$vv.2$cSame seller
=700  \\$aW. Cass$4Printed for$5Unauthorized
=700  \\$aMartial$4Author (epigram)$5Authorized
=710  \\$aW. Cass$4Printed for$5Unauthorized
=710  2\$aCollection of British and American Fiction, 1660-1830 (University of Pennsylvania)
=710  2\$aEarly Novels$5University of Pennsylvania
=752  \\$aEngland$dLondon.
=852  01$bscsing$t1$hPR3639.P445$iV57 1784
=866  30$80$a2 v.
=950  \\$lRBC$e\\\\\\\\Singer-\\\\Menden-\\\\hall\\\\$v2 v.$i06/26/86 C
=955  \\$lRBC$c1$q726575$sEx libris: Leighton house$sg. Mr. and Mrs. Jacob Singer$sin 1$i06/26/86 C
=989  \\$1The curate of Coventry$2Villager$2Novel$2Series$2Letter$2M. B.$2Author$2Volume$3Virtuous$3Two$5John Potter, M. B.$vv.1$vv.2
=999  \\$aMJR$b6/28/11

