=LDR  03588cam a2200625 a 4500
=001  162472
=005  20141120140154.0
=008  860721s1785\\\\enk\\\\\\\\\\\00000\eng\d
=035  \\$a(OCoLC)ocm17378941
=035  \\$a(OCoLC)17378941
=035  \\$a(CStRLIN)PAUG86-B30859
=035  \\$a(CaOTULAS)146820799
=035  \\$a(PennHoldings)131097
=035  \\$9AAX9691
=035  \\$a162472
=040  \\$aPU$cPU
=090  \\$aPR3991.A1$bC66 1785$i07/21/86 CT
=245  04$aThe Confessions of a coquet :$ba novel, in a series of letters.
=246  \\$aThe confessions of a coquet. A novel. In a series of letters.$dLetter-press$gFull$xWork
=246  07$aConfessions of a coquet.
=246  07$aConfessions of (verso)$aa coquet. (recto)
=260  \\$aLondon$bPrinted for W. Lane, Leadenhall-Street$c1785$c1785.$a[London]
=300  \\$aviii, 175, [1] p. ;$c18 cm. (12mo)$xDuodecimo$a[1 v.]
=500  \\$aAdvertisements on last page.
=500  \\$aLibrary call number. Transcription: Singer-Mendenhall PR 3991 A1 C66 1785
=510  4\$aESTC (RLIN)$cN26857
=510  4\$aEnglish novel, 1770-1829,$c1785:5
=510  4\$aBlock, A. Engl. novel,$cp.44
=520  \\$aPreface$bPreface.$cFront$x""Before it was determined that the following letters should be exhibited in an English dress to the public, the translator often turned in his mind their tendency, and the probable reception they might receive on their introduction.""$xThe author of the preface claims to be friends with the authors of the letters, and addresses part of the preface to them specifically."
=591  \\$aPar Confessions parfaite---Vous jugez de L\\\'Amour.$2Cupidon$dBy complete confession, one can judge love$xUnable to locate epigraph source$xYou know love by perfect confessions.$xTitle page
=592  \\$aEpistolary
=595  \\$aPencil$bNumbers$xTranscription:""13""$xOn title page"
=595  \\$aPencil$bWords$xTranscription: ""no doubt""$xOn page 13"
=595  \\$aPencil$bReader markings$xSquare bracket around ""I was too weak...""$xOn page 13"
=595  \\$aPencil$bReader markings$xFaded underlining$xOn page 39
=595  \\$aPencil$bReader markings$xSquare brackets$xOn pages 134, 135
=595  \\$aPencil$bReader markings$xSquare brackets and underlining$xOn pages 164
=595  \\$aPencil$bWords$bReader markings$xTranscription: ""no doubt""$xUnderlining$xOn page 171"
=596  \\$aTranslation$bPreface$eBefore it was determined that the following letters should be exhibited in an English dress to the public, the translator[...]
=599  \\$aTranslator (text)$bGeneric/Descriptive$2Before it was determined that the following letters should be exhibited in an English dress to the public, the translator[...]$3Preface$5Male$6Unknown
=656  \7$aEpistolary fiction$zEngland$y18th century.$2rbgenr
=656  \7$aPublishers\\\' advertisements$zEngland$y18th century.$2rbgenr
=650  \4$aCHR 1785
=650  \4$aPRO Singer, Jacob (donor)
=650  \4$aPRO Singer, Leah (donor)
=650  \4$aPRO Singer, Godfrey F. (honoree)
=656  \\$aFiction$bBack$cSame publisher
=700  \\$aLane, William,$dd.1814$4Printed for$5Authorized
=710  2\$aCollection of British and American Fiction, 1660-1830 (University of Pennsylvania)$5PU
=710  2\$aEarly Novels$5University of Pennsylvania
=752  \\$aEngland$dLondon.
=950  \\$lRBC$e\\\\\\\\Singer-\\\\Menden-\\\\hall\\\\$i07/21/86 C
=955  \\$lRBC$c1$q726095$qg. Mr. and Mrs. Jacob Singer$i07/21/86 C
=989  \\$2Confession$2Coquet$2Novel$2Series$7Letter
=999  \\$aAC$b6/2/16$cHaverford College$dCEM

