=LDR  05545cam a2200745 a 4500
=001  106708
=005  20141119180227.0
=008  861015s1791\enk\00010\eng\d\\\\\\\\\\\\=035\\\\\a(OCoLC)ocm17381563
=035  \\$a(OCoLC)17381563
=035  \\$a(CStRLIN)PAUG86-B44579
=035  \\$a(CaOTULAS)146817084
=035  \\$9AAQ1681
=035  \\$a106708
=035  \\$a(PennHoldings)106708
=040  \\$aPU$cPU
=090  \\$aPR5059.M484$bI5 1791$i10/15/86 CT
=100  10$aMorris,$cMrs.
=245  10$aIllicit love :$ba novel /$cby Mrs. Morris ... : in two volumes.
=246  \\$aIllicit love: a novel. Vol. I.$dLetter-press$gHalf$xVolume$vv.1
=246  \\$aIllicit love: a novel. Vol. II.$dLetter-press$gHalf$xVolume$vv.2
=246  \\$aIllicit love: a novel. By Mrs. Morris, author of the rival brothers, a Novel; poems, &c. In two volumes. Vol. I.$dLetter-press$gFull$xVolume$vv.1
=246  \\$aIllicit love: a novel. By Mrs. Morris, author of the rival brothers, a Novel; poems, &c. In two volumes. Vol. II.$dLetter-press$gFull$xVolume$vv.2
=246  07$aIllicit love.$vv.1$vv.2
=246  07$aIllicit love. (recto)$aIllicit love. (verso)$vv.1$vv.2
=260  \\$aLondon$bPrinted for the Author; and sold by H.D. Symonds, No 20, Paternoster-Row; and W. Beilby, No 6, Pall Mall.$c1791$cM DCC XCI.$vv.1$vv.2
=300  \\$a2 v. ;$c18 cm. (8vo)$xOctavo$zIn two volumes.
=500  \\$aDedication to the Hon. Mrs. Massey signed: Your obedient cousin ... R. P. Morris.
=500  \\$aAn epistolary novel.
=500  \\$aLibrary of the University of Pennsylvania bookplate pasted down on front endpaper of v.1. In red ink at top: "823 M833I v.1" Printed on bottom: "The Godfrey F. Singer Memorial Presented by Mr. and Mrs. Jacob Singer"
=500  \\$aLibrary of the University of Pennsylvania bookplate pasted down on front endpaper of v.2. In red ink at top: "823 M833I v.2" Printed on bottom: "The Godfrey F. Singer Memorial Presented by Mr. and Mrs. Jacob Singer"
=500  \\$aIn ink on front endpaper of v.1 and v.2: "556"
=500  \\$aIn pencil on front endpaper of v.1: "Novel"
=500  \\$aLibrary stamp on verso of full title page of v.1: "U. of Pa. Library"
=500  \\$aLibrary stamp on verso of full title page of v.2: "U. of Pa. Library"
=500  \\$aLibrary marginalia n pencil on first page of v.1: "9Ap34 g. Mr. + Mrs. Jacob Singer (2vols)"; "726009"; "823 M833I v.1"
=500  \\$aLibrary marginalia n pencil on first page of v.2: "9Ap34 g. Mr. + Mrs. Jacob Singer v.2"; "726010"; "823 M833I v.2"
=500  \\$aLibrary stamp on last page of text of v.1 (pg.136): "U. of Pa. Library"
=500  \\$aLibrary stamp on last page of text of v.2 (pg.154): "U. of Pa. Library"
=500  \\$aLibrary marginalia on verso of back free end paper of v.1: "Singer Mendenhall PR 5059 M484 I5 1791 v.1"
=500  \\$aLibrary marginalia on verso of back free end paper v.2: "Singer Mendenhall PR 5059 M484 I5 1791 v.2"
=500  \\$aBack free end paper of v.2 has been partially cut or torn.
=500  \\$aLibrary marginalia on back endpaper of v.1: "Nb 6-5-14 [unintelligible letter(s)] 2 vols""
=510  4\$aBlack, F.G. Epistolary novel$c628
=510  4\$aESTC (RLIN)$cN16753
=510  4\$aEnglish novel, 1770-1829,$c1791:52
=520  \\$aDedication$bTo the honourable Mrs. Massey.$cFront$vv.1$xTranscription of first line: "Madam, having obtained your private approbation of the following sheets, I am happy to have your permission to throw them in a public manner under your protection."$xRunning title reads "Dedication."$xSigned, "your obedient cousin and devoted humble servant, R. P. Morris."
=520  \\$aPreface$bPreface.$cFront$vv.1$xTranscription of first line: "The following pages, like some former work of mine, contain a narrative drawn from real life; it is a faithful relation of incidents which actually occurred."$xRunning title reads "Preface."
=591  \\$aTrust not a man; they are by nature false,---Fickle, subtle, deceitful, and inconstant;---If a man talks of love, with caution trust him;---But if he swears, he'll certainly deceive.$2Otway.$bThe orphan: or, the unhappy marriage. A tragedy.$cThomas Otway$vv.1$vv.2$xLocated on full title page.
=592  \\$aEpistolary$bFirst-person
=599  \\$aAuthor (text)$bProper name$bReference to other works$2By Mrs. Morris, author of the rival brothers, a Novel; poems, &c.$3Title page$5Female$6Female$vv.1$vv.2
=599  \\$aAuthor (paratext)$bProper name$2Your obedient cousin, and devoted humble servant, R. P. Morris.$3Dedication$5Female$6Female$vv.1
=599  \\$aAuthor (paratext)$bGeneric/Descriptive$2Their ever obliged and obedient humble servant, the author.$3Preface$5Female$6Female$vv.1
=655  \7$aEpistolary fiction$zEngland$y18th century.$2rbgenr
=650  \4$aCHR 1791
=700  \\$aMorris, Mrs.$4Author (text)$5Authorized
=700  \\$aMrs. Massey$4Dedicatee$5Unauthorized
=700  \\$aOtway, Thomas$d1652-1685$4Author (epigraph)$5Authorized
=700  \\$aSymonds, H. D. (Henry Delahoy)$4Sold by$5Authorized
=700  \\$aBeilby, William$d1740-1819$4Sold by$5Authorized
=710  2\$aCollection of British and American Fiction, 1660-1830 (University of Pennsylvania)$5PU
=710  2\$aEarly Novels$5University of Pennsylvania
=950  \\$lRBC$e\\Singer-\Menden-\hall\$v2 v.$i10/15/86 C
=955  \\$lRBC$c1:(v.1-2)$q726090-10$sSinger Mem.$i10/15/86 C
=989  \\$3Illicit$2Love$2Novel$5Mrs. Morris$2Author$1The rival brothers$2Poem$3Two$2Volume
=999  \\$aAGY$b6/20/17$cSwarthmore College$dECH
